% ....názov súboru je: literatura_mine.bib

% zdroj na webe
@misc{historia,
	author = "Mike Thomsen",
	title = "History of the Unreal Engine",
	howpublished = "\url{https://www.ign.com/articles/2010/02/23/history-of-the-unreal-engine}",
}

@misc{abs,
	author = "MATTHEW S. SMITH",
	title = "Will the Unreal Engine 5 Realize the Metaverse’s Potential? ",
	howpublished = "\url{https://spectrum.ieee.org/unreal-engine-5-metaverse}",
}

@misc{zname-enginy,
	author = "Subramanya Datta",
	title = "Top Game Engines To Learn in 2022",
	howpublished = "\url{https://blog.cloudthat.com/top-game-engines-learn-in-2022/}",
}

@misc{herne-enginy,
	author = "From Wikipedia the free encyclopedia",
	title = "Game engine",
	howpublished = "\url{https://en.wikipedia.org/wiki/Game_engine}",
}